@book{cc17,
author = {Roger D. Chamberlain and Ron K. Cytron},
title = {Computing in the Physical World},
edition = {pre-release},
url = {http://www.ccrc.wustl.edu/~roger/cse132/cc_v0_06.pdf},
year = 2017
}
